--- COMMENTS may be placed outside the @ENTRYTYPE{ ... } stuctures
--- CMS guidelines
---- Every journal article citation should include the DOI, assuming one exists.
---- All URLs for CMS notes, ANs, etc, should refer to the CDS server, not the CMS server. Use our standard format for them, as shown below.
----  CMS Notes not available on CDS are regarded as private and may not be cited.
----  CMS physics papers (i.e., those intended for publication in journals) may reference only POG PASs, not PAG PASs.
---- For papers by collaborations, list the collaboration in the COLLABOROATION field and put the first author and "and others" in the AUTHOR field.
----  If only the collaboration is listed as the author, put "{XXX Collaboration}" under AUTHOR.
----  Note that we automatically replace the AUTHOR field with the collaboration name for ATLAS, CMS, LHCb, and ATLAS at submission time.
---- Other items:
----   PAGES: Please only list the first page, not the range.
----   ISSUE: Please do not include in most cases.
----   URL: Do not include this field if a DOI is available.
---- Number of authors to list:
----   PRL requests that we include all authors up to fifteen except for large collaborations, and we take this as our internal guide as well. If there
----   are more than fifteen, just list the first author + "and others", as above.
----   The individual journal bib style file (theirs, ours, PLB, etc.) will truncate at the appropriate point. We have ours set to _1_.
---- Use only the URL field instead of embedding an href (this is a change in our practice).
---- A reference only published on the arXiv should be listed as UNPUBLISHED (with a note "Submitted to XXX" for large collaboration papers).
----   Experimental papers only on the arXiv and not submitted for publication may not be cited.
---- Some journals will lowercase the title: use {} to protect words which must be capitalized, e.g., {LHC}, {TeV}, {CERN}, {CMS}.
----  Do not escape the entire title as it will then clash with the journal style.
---- Journal names: the journals generally include the series in the journal name, "Physical Review D", vol 5, rather than PR D5
%
% Notes hosted only on CDS are listed as TECHREPORTs.
%

@Article{TOP-12-038,
     AUTHOR    = "CMS",
     COLLABORATION = "CMS",
     TITLE     = "Measurement of the t-channel single-top-quark production cross section and of the |Vtb | CKM matrix element in pp collisions at $\sqrt{s}$ = 8 TeV",
     JOURNAL   = "JHEP",
     VOLUME    = "06",
     YEAR      = "2014",
     PAGES     = "090",
     doi       = "10.1007/JHEP06(2014)090",
     eprint         = "1403.7366",
     archivePrefix  = "arXiv",
     primaryClass   = "hep-ex",
}

@article{TOP-11-021,
      COLLABORATION = "CMS",
      TITLE       = "{Measurement of the $t$-channel single top quark production cross section in pp collisions at $\sqrt{s} = 7$~TeV}",
      AUTHOR    = "Chatrchyan, Serguei and others",
      journal        = "JHEP",
      VOLUME    = "12",
      YEAR      = "2012",
      PAGES     = "035",
      doi       = " 10.1007/JHEP12(2012)035",
      eprint         = "1209.4533",
      archivePrefix  = "arXiv",
      primaryClass   = "hep-ex",

}


@Article{powheg,
     author    = "Alioli, Simone and Nason, Paolo and Oleari, Carlo and Re, Emanuele",
     title     = "A general framework for implementing NLO calculations in shower Monte Carlo programs: the POWHEG BOX",
     journal   = "JHEP",
     volume    = "06",
     year      = "2010",
     pages     = "043",
     eprint    = "1002.2581",
     archivePrefix = "arXiv",
     primaryClass  =  "hep-ph",
     doi       = "10.1007/JHEP06(2010)043",
}

@Article{powhegtchan,
     author    = "Alioli, Simone and Nason, Paolo and Oleari, Carlo and Re, Emanuele",
     title     = "NLO single-top production matched with shower in POWHEG: $s$- and $t$-channel contributions",
     journal   = "JHEP",
     volume    = "09",
     year      = "2009",
     pages     = "111",
     eprint    = "0907.4076",
     archivePrefix = "arXiv",
     primaryClass  =  "hep-ph",
     doi       = "10.1088/1126-6708/2009/09/111",
}


@Article{Maltoni4FS5FS,
     AUTHOR    = "Maltoni, Fabio and Ridolfi, Giovanni, and Ubiali, Maria",
     TITLE     = "b-initiated processes at the LHC: a reappraisal ",
     JOURNAL   = "JHEP",
     VOLUME    = "07",
     YEAR      = "2012",
     PAGES     = "022",
     doi       = " 10.1007/JHEP07(2012)022",
     eprint         = "1203.6393",
     archivePrefix  = "arXiv",
     primaryClass   = "hep-ph",
}

@Article{amcatnlo,
     AUTHOR    = " Alwall, J. and Frederix, R. and Frixione, S. and Hirschi, V. and Maltoni, F. and Mattelaer, O. and Shao, H.-S. and Stelzer T. and Torrielli, P. and Zaro, M.",
     TITLE     = "The automated computation of tree-level and next-to-leading order differential cross sections, and their matching to parton shower simulations ",
     JOURNAL   = "JHEP",
     VOLUME    = "07",
     YEAR      = "2014",
     PAGES     = "079",
     doi       = "DOI: 10.1007/JHEP07(2014)079",
     eprint         = "1405.0301",
     archivePrefix  = "arXiv",
     primaryClass   = "hep-ph",
}

@Article{CT10,
     author    = "H.-L. Lai et al.",
     title     = "{New parton distributions for collider physics}",
     journal   = "Phys. Rev. D",
     volume    = "82",
     year      = "2010",
     pages     = "074024",
     eprint    = "hep-ph/10072241",
     archivePrefix = "arXiv",
     doi       = "10.1103/PhysRevD.82.074024"
}


@Article{firstharris,
      author         = "Harris, B. W. and Laenen, E. and Phaf, L. and Sullivan, Z. and Weinzierl, S.",
      title          = "{The fully differential single-top-quark cross section in next-to-leading order QCD}",
      journal        = "Phys. Rev. D",
      volume         = "66",
      pages          = "154024",
      doi            = "10.1103/PhysRevD.66.054024",
      year           = "2002",
      eprint         = "hep-ph/0207055",
      archivePrefix  = "arXiv",
      primaryClass   = "hep-ph",
      SLACcitation   = "%%CITATION = ARXIV:0903.0005;%%",
}

@Article{firstkidonakis,
  title = {Higher-order soft gluon corrections in single top quark production at the CERN LHC},
  author = {Kidonakis, Nikolaos},
  journal = {Phys. Rev. D},
  volume = {75},
  pages = {071501},
  year = {2007},
  doi = {10.1103/PhysRevD.75.071501},
}

@Article{firsttramontano,
      author         = "Campbell, John M. and Tramontano, Francesco",
      title          = "{Next-to-leading order corrections to Wt production and
                        decay}",
      journal        = "Nucl. Phys. B",
      volume         = "726",
      pages          = "109",
      doi            = "10.1016/j.nuclphysb.2005.08.015",
      year           = "2005",
      eprint         = "hep-ph/0506289",
      archivePrefix  = "arXiv",
      primaryClass   = "hep-ph",
      reportNumber   = "CERN-PH-TH-2005-110, DSF-18-2005",
      SLACcitation   = "%%CITATION = HEP-PH/0506289;%%",
}

@Article{fourfiveflavorschemes,
      author         = "Frederix, R. and Re, E. and Torrielli, P.",
      title          = "{Single-top t-channel hadroproduction in the four-flavour
                        scheme with POWHEG and aMC@NLO}",
      journal        = "JHEP",
      volume         = "09",
      pages          = "130",
      doi            = "10.1007/JHEP09(2012)130",
      year           = "2012",
      eprint         = "1207.5391",
      archivePrefix  = "arXiv",
      primaryClass   = "hep-ex",
}


@Article{hator,
     author    = "Aliev, M. and others",
     title     = "HATHOR - HAdronic Top and Heavy quarks crOss section calculatoR",
     eprint    = "1007.1327",
     archivePrefix = "arXiv",
     primaryClass  =  "hep-ph",
}

@Article{tchanxsec,
     author    = "TOPLHCWG",
     title     = " NLO single-top t channel cross sections ",
     JOURNAL   = "https://twiki.cern.ch/twiki/bin/view/LHCPhysics/SingleTopRefXsec",
}

@Article{BTagging,
      COLLABORATION = "CMS",
      TITLE       = "Identification of b-quark jets with the CMS experiment",
      AUTHOR      = "{Chatrchyan, Serguei et al.}",
      journal        = "JINST",
      volume         = "8",
      pages          = "P04013",
      doi            = " 10.1088/1748-0221/8/04/P04013",
      year           = "2013",
}


@TECHREPORT{CMS_AN_2006-027,
     AUTHOR       = "Belotelov, I. and Golutvin, I. and Bourilkov, D. and Lanyov, A. and Rogalev, E. and Savina, M. and Shmatov, S.",
     TITLE        = "Search for {ADD} extra dimensional gravity in di-muon channel with the {CMS} Detector",
     TYPE      = "CMS Note",
     NUMBER       = "2006/076",
     URL          = "http://cdsweb.cern.ch/record/962045",
     YEAR         = "2006"}
@TECHREPORT{CMS_NOTE_2006-106,
     AUTHOR       = "Aldaya, M. and Arce, P. and Caballero, J. and de la Cruz, B. and Garcia-Abia, P. and Hernandez, J. M. and Josa, M. I. and Ruiz, E.",
     TITLE        = "Discovery potential and search strategy for the Standard Model {H}iggs boson in the {$H\to ZZ^\star\to 4\mu$} decay channel using a mass-independent analysis",
     TYPE      = "CMS Note",
     NUMBER       = "2006/106",
     URL          = "http://cdsweb.cern.ch/record/962058",
     YEAR         = "2006"}
%
% standard article
%
@Article{Brandt:1997gi,
     author    = "Brandt, A. and others",
 collaboration = "UA8",
     title     = "Measurements of single diffraction at $\sqrt{s} =$ 630 {GeV}:
                  Evidence for  a non-linear $\alpha(t)$ of the pomeron",
     journal   = "Nucl. Phys. B",
     volume    = "514",
     year      = "1998",
     pages     = "3",
     SLACcitation  = "%%CITATION = HEP-EX 9710004;%%",
     doi       = "10.1016/S0550-3213(97)00813-4"
}
@ARTICLE{Buchmuller:1986zs,
     AUTHOR       = "Buchm{\"u}ller, W. and Wyler, D.",
     TITLE        = "Constraints on {SU(5)}-type leptoquarks",
     JOURNAL      = "Phys. Lett. B",
     VOLUME       = "177",
     YEAR         = "1986",
     pages        = "377",
     SLACcitation  = "%%CITATION = PHLTA,B191,442;%%",
     doi          = "10.1016/0370-2693(86)90771-9"}
@Article{PTDR2,
     author    = "{CMS Collaboration}",
     title     = "{CMS} technical design report, volume {II}: {Physics}
                  performance",
     journal   = "J. Phys. G",
     volume    = "34",
     year      = "2007",
     pages     = "995-1579",
     doi       = "10.1088/0954-3899/34/6/S01",
     SLACcitation  = "%%CITATION = JPHGB,G34,995;%%"
}
% PAS are now TECHREPORTS. Same for Notes. A formatted list of PASs is located in [svn]/utils/branches/dev/general/pasBib-tech.bib
@TECHREPORT{CMS-PAS-JME-10-003,
      AUTHOR      = "{CMS Collaboration}",
      COLLABORATION = {CMS},
      TITLE       = "Jet Performance in pp Collisions at $\sqrt{s}$=7 {TeV}",
      URL         = "http://cdsweb.cern.ch/record/1279362",
      TYPE     = "CMS Physics Analysis Summary",
      NUMBER      = "CMS-PAS-JME-10-003",
      YEAR        = "2010"
}
%SPIRES had this one as R. Adolphi, et. al. Wrong. Now corrected in InspireHEP.
@Article{Chatrchyan:2008zzk,
     author    = "Chatrchyan, S. and others",
     collaboration = "CMS",
     title     = "The {CMS} experiment at the {CERN} {LHC}",
     journal   = "JINST",
     volume    = "3",
     year      = "2008",
     pages     = "S08004",
     doi       = "10.1088/1748-0221/3/08/S08004",
     SLACcitation  = "%%CITATION = JINST,3,S08004;%%"
}
%
% An example of a document which only appears on arXiv. This one could alternatively be cited as a TECHREPORT using any of the various laboratory report numbers when hosted on a lab server:
% reportNumber   = "CERN-PH-EP-2010-095, FERMILAB-TM-2480-PPD, LEPEWWG-2010-01, TEVEWWG-2010-01, ALEPH-2010-001-PHYSICS-2010-001, CDF-NOTE-10338, D0-NOTE-6130, DELPHI-DELPHI-2010-001-PHYS-952, L3-NOTE-2837, OPAL-PR432, SLAC-PUB-14301",
%
@UNPUBLISHED{LEPewkfits,
     author = "{ALEPH, CDF, D0, DELPHI, L3, OPAL, SLD Collaborations, the LEP Electroweak Working Group, the Tevatron Electroweak Working Group, and the SLD Electroweak and Heavy Flavour Groups}",
     title     = "Precision electroweak measurements and constraints on the {Standard Model}",
     URL       = "http://lepewwg.web.cern.ch/LEPEWWG",
     eprint    = "1012.2367",
     archivePrefix = "arXiv",
     primaryClass  =  "hep-ex",
     year  = "2010",
     SLACcitation  = "%%CITATION = 1012.2367;%%"
}
%
% A document hosted on a laboratory server
%
@TECHREPORT{Bertram:2000br,
  author = " Bertram, I. and Landsberg, G. and Linnemann, J. and Partridge, R. and Paterno, M. and Prosper, H. B.",
  title =  "A Recipe for the construction of confidence limits",
  institution = "Fermilab",
  number     = "{TM-2104}",
  url = "http://lss.fnal.gov/archive/test-tm/2000/fermilab-tm-2104.pdf",
  year = "2000"
 }
 %
 % A document included in Proceedings. PRL may want the ADDRESS field as well.
 %
@INPROCEEDINGS{RooStats,
  AUTHOR       = "Moneta, L. and Belasco, K. and  Cranmer, K. S. and Lazzaro, A. and Piparo, D. and Schott, G. and Verkerke, W. and Wolf, M.",  TITLE        = "The {R}oo{S}tats {P}roject",
  BOOKTITLE = "13$^\text{th}$ International Workshop on Advanced Computing and Analysis Techniques in Physics Research (ACAT2010)",
  YEAR         = "2010",
  PUBLISHER = "SISSA",
  NOTE = "{PoS(ACAT2010)057}",
  URL          = "http://pos.sissa.it/archive/conferences/093/057/ACAT2010_057.pdf",
  eprint = "1009.1003",
  primaryClass = "physics.data-an"
}
%
% CMS/ATLAS papers submitted but not yet accepted; The SLACcitation is not required. This is only for illustration, these are now published.
% Upon acceptance the note is modified and the DOI included (if available).
%
@Unpublished{Khachatryan:2010mp,
     author    = "{CMS Collaboration}",
     collaboration = "CMS",
     title     = "Search for Pair Production of First-Generation Scalar Leptoquarks in pp Collisions at $\sqrt{s} = 7$ {TeV}",
     note  = "Submitted to \textit{Phys. Rev. Lett.}",
     eprint    = "1012.4031",
     archivePrefix = "arXiv",
     primaryClass  =  "hep-ex",
     year = "2010",
     SLACcitation  = "%%CITATION = 1012.4031;%%"
}
@Unpublished{CMS-PAPER-MUO-10-004,
     author    = "{CMS Collaboration}",
     collaboration = "CMS",
     title     = "Performance of CMS muon reconstruction in pp collision events at $\sqrt{s} = 7$\TeV",
     note  = "Submitted to \textit{J. Inst.}",
     eprint    = "1206.4071",
     archivePrefix = "arXiv",
     primaryClass  =  "physics.ins-det",
     year = "2012",
}
@Unpublished{ATLAS:2011aa,
        Archiveprefix = {arXiv},
        Author = {{ATLAS Collaboration}},
        Collaboration = {ATLAS},
        Eprint = {1112.2577},
        Note = {Submitted to \textit{Phys. Rev. Lett.}},
        Primaryclass = {hep-ex},
        Slaccitation = {%%CITATION = 1112.2577;%%},
        Title = {Search for the {H}iggs boson in the {$H\to$WW(*)$\to \ell^+ \nu \ell^- \bar{\nu}$} decay channel in pp collisions at $\sqrt{s}$ = 7 {TeV} with the {ATLAS} detector},
        Year = {2011}}
% Misc
@Article{Cacciari:2008gp,
     AUTHOR    = "Cacciari, Matteo and Salam, Gavin P. and Soyez, Gregory",
     TITLE     = "The anti-$k_t$ jet clustering algorithm",
     JOURNAL   = "JHEP",
     VOLUME    = "04",
     YEAR      = "2008",
     PAGES     = "063",
     doi       = "10.1088/1126-6708/2008/04/063",
     eprint         = "0802.1189",
     archivePrefix  = "arXiv",
     primaryClass   = "hep-ex",
}
@Article{Sjostrand:2006za,
      author         = "Sj{\"o}strand, Torbj{\"o}rn and Mrenna, Stephen and Skands, Peter",
      title          = "{PYTHIA} 6.4 physics and manual",
      journal        = "JHEP",
      volume         = "05",
      pages          = "026",
      doi            = "10.1088/1126-6708/2006/05/026",
      year           = "2006",
      eprint         = "hep-ph/0603175",
      archivePrefix  = "arXiv",
      primaryClass   = "hep-ph",
      reportNumber   = "FERMILAB-PUB-06-052-CD-T, LU-TP-06-13",
      
}

@article{Campbell:2009ss,
      author         = "Campbell, John M. and Frederix, Rikkert and Maltoni, Fabio and Tramontano, Francesco",
      title          = "{Next-to-Leading-Order predictions for t-channel single-top production at hadron colliders}",
      journal        = "Phys.Rev.Lett.",
      volume         = "102",
      pages          = "182003",
      doi            = "10.1103/PhysRevLett.102.182003",
      year           = "2009",
      eprint         = "0903.0005",
      archivePrefix  = "arXiv",
      primaryClass   = "hep-ph",
      SLACcitation   = "%%CITATION = ARXIV:0903.0005;%%",
}

@Article{Frederix:2012dh,
      author         = "Frederix, Rikkert and Re, Emanuele and Torrielli, Paolo",
      title          = "{Single-top t-channel hadroproduction in the four-flavour scheme with POWHEG and aMC@NLO}",
      year           = "2012",
      journal	     = "",
      eprint         = "1207.5391",
      archivePrefix  = "arXiv",
      primaryClass   = "hep-ph",
      reportNumber   = "ZU-TH-14-12, IPPP-12-54, DCPT-12-108,
                        CERN-PH-TH-2012-206, LPN12-084, MCNET-12-10",
      SLACcitation   = "%%CITATION = ARXIV:1207.5391;%%",
}

@TECHREPORT{CMS-PAS-EWK-11-013,
      COLLABORATION = "CMS",
      TITLE       = "Measurement of associated charm production in {W} final states at $\sqrt{s}=7$ {TeV}",
      AUTHOR      = "{CMS Collaboration}",
      URL         = "http://cdsweb.cern.ch/record/1369558",
      TYPE        = "CMS Physics Analysis Summary",
      NUMBER      = "CMS-PAS-EWK-11-013",
      YEAR        = "2011"
}

@TECHREPORT{FastSim,
      COLLABORATION = "CMS",
      TITLE       = "Fast Simulation of the CMS Detector at the LHC",
      AUTHOR      = "S. Abdullin, P. Azzi, F. Beaudette, P. Janot, A. Perrotta",
      URL         = "http://cms.cern.ch/iCMS/jsp/openfile.jsp?type=CR&year=2010&files=CR2010_297.pdf",
      TYPE        = "CMS Conference Report",
      NUMBER      = "CMS-CR-2010/297",
      YEAR        = "2010"
}

@TECHREPORT{CMS-PAS-TOP-11-021,
      COLLABORATION = "CMS",
      TITLE       = "Measurement of the single top $t$-channel cross section in pp collisions at $\sqrt{s}=7$~{TeV} using 2011 data",
      AUTHOR      = "{CMS Collaboration}",
      URL         = "http://cdsweb.cern.ch/record/1430743",
      TYPE        = "CMS Physics Analysis Summary",
      NUMBER      = "CMS-PAS-TOP-11-021",
      YEAR        = "2011"
}

@TECHREPORT{CMS-PAS-TOP-12-007,
      COLLABORATION = "CMS",
      TITLE       = "Measurement of the $t \bar t$ production cross section in the dilepton channel in pp collisions at $\sqrt{s}=8$~{TeV}",
      AUTHOR      = "{CMS Collaboration}",
      URL         = "https://cdsweb.cern.ch/record/1462235",
      TYPE        = "CMS Physics Analysis Summary",
      NUMBER      = "CMS-PAS-TOP-12-007",
      YEAR        = "2012"
}

@TECHREPORT{CMS-PAS-TOP-12-006,
      COLLABORATION = "CMS",
      TITLE       = "Top pair cross section in e/mu+jets at 8~{TeV}",
      AUTHOR      = "{CMS Collaboration}",
      URL         = "https://cdsweb.cern.ch/record/1461939",
      TYPE        = "CMS Physics Analysis Summary",
      NUMBER      = "CMS-PAS-TOP-12-006",
      YEAR        = "2012"
}



@ARTICLE{PdfReweighting7to8,
     JOURNAL      = "https://twiki.cern.ch/twiki/bin/viewauth/CMS/TopMonteCarloReweighting"
}

@ARTICLE{AndresWiki,
     JOURNAL      = "https://twiki.cern.ch/twiki/bin/view/CMS/SingleTopPAS2012011QCD"
}

@ARTICLE{PUPVTPage,
     JOURNAL      = "https://twiki.cern.ch/twiki/bin/view/CMS/PdmVPileUpDescription"
}

@ARTICLE{pogPagesElectron,
     JOURNAL      = "https://twiki.cern.ch/twiki/bin/view/CMS/EgammaPOG"
}
@ARTICLE{pogPagesMuon,
     JOURNAL          = "https://twiki.cern.ch/twiki/bin/view/CMS/MuonPOG"
}
@ARTICLE{pogRecommendationTalks,
     JOURNAL          = "https://indico.cern.ch/getFile.py/access?contribId=3\&resId=0\&materialId=slides\&confId=195042"
}

@article{Cacciari:2007fd,
      author         = "Cacciari, Matteo and Salam, Gavin P.",
      title          = "{Pileup subtraction using jet areas}",
      journal        = "Phys.Lett.",
      volume         = "B659",
      pages          = "119-126",
      doi            = "10.1016/j.physletb.2007.09.077",
      year           = "2008",
      eprint         = "0707.1378",
      archivePrefix  = "arXiv",
      primaryClass   = "hep-ph",
      reportNumber   = "LPTHE-07-01",
      SLACcitation   = "%%CITATION = ARXIV:0707.1378;%%",
}

@Article{Re:2010bp,
     author    = "Re, Emanuele",
     title     = "{Single-top Wt-channel production matched with parton showers using the POWHEG method}",
     journal   = "Eur. Phys. J.",
     volume    = "C71",
     year      = "2011",
     pages     = "1547",
     eprint    = "1009.2450",
     archivePrefix = "arXiv",
     primaryClass  =  "hep-ph",
     doi       = "10.1140/epjc/s10052-011-1547-z",
     SLACcitation  = "%%CITATION = 1009.2450;%%"
}

@Article{Alioli:2010xd,
     author    = "Alioli, Simone and Nason, Paolo and Oleari, Carlo and Re, Emanuele",
     title     = "{A general framework for implementing NLO calculations in shower Monte Carlo programs: the POWHEG BOX}",
     journal   = "JHEP",
     volume    = "06",
     year      = "2010",
     pages     = "043",
     eprint    = "1002.2581",
     archivePrefix = "arXiv",
     primaryClass  =  "hep-ph",
     doi       = "10.1007/JHEP06(2010)043",
     SLACcitation  = "%%CITATION = 1002.2581;%%"
}

@Article{Alioli:2009je,
     author    = "Alioli, Simone and Nason, Paolo and Oleari, Carlo and Re, Emanuele",
     title     = "{NLO single-top production matched with shower in POWHEG: s- and t-channel contributions}",
     journal   = "JHEP",
     volume    = "09",
     year      = "2009",
     pages     = "111",
     eprint    = "0907.4076",
     archivePrefix = "arXiv",
     primaryClass  =  "hep-ph",
     doi       = "10.1088/1126-6708/2009/09/111",
     SLACcitation  = "%%CITATION = 0907.4076;%%"
}


@ARTICLE{EWKAsym7TeV,
     author         = "Chatrchyan, Serguei and others",
     title          = "{Measurement of the t-channel single top quark production
                        cross section in pp collisions at $\sqrt{s} = 7$~TeV}",
     collaboration  = "CMS Collaboration",
     journal   = "JHEP",
     volume    = "04",
     year      = "2011",
     pages     = "050",
     eprint    = "1103.3470",
     archivePrefix = "arXiv",
     primaryClass  =  "hep-ph",
     doi       = "10.1007/JHEP06(2010)04310.1007/JHEP04(2011)050",
     SLACcitation  = "%%CITATION = 1002.2581;%%"


}


@article{Chatrchyan:2011vp,
      author         = "Chatrchyan, Serguei and others",
      title          = "{Measurement of the t-channel single top quark production
                        cross section in pp collisions at $\sqrt{s} = 7$~TeV}",
      collaboration  = "CMS Collaboration",
      journal        = "Phys.Rev.Lett.",
      volume         = "107",
      pages          = "091802",
      doi            = "10.1103/PhysRevLett.107.091802",
      year           = "2011",
      eprint         = "1106.3052",
      archivePrefix  = "arXiv",
      primaryClass   = "hep-ex",
      reportNumber   = "FERMILAB-PUB-11-725-CMS, CMS-TOP-10-008,
                        CERN-PH-EP-2011-066",
      SLACcitation   = "%%CITATION = ARXIV:1106.3052;%%",
}

@Article{JINST,
     author    = "Adolphi, R. and others",
     collaboration = "CMS",
     title     = "{The CMS experiment at the CERN LHC}",
     journal   = "JINST",
     volume    = "0803",
     year      = "2008",
     pages     = "S08004",
     doi       = "10.1088/1748-0221/3/08/S08004",
     SLACcitation  = "%%CITATION = JINST,0803,S08004;%%"
}

@Article{PTDR2,
     author    = "{CMS Collaboration}",
     title     = "{CMS} technical design report, volume {II}: {Physics}
                  performance",
     journal   = "J. Phys. G",
     volume    = "34",
     year      = "2007",
     pages     = "995-1579",
     doi       = "10.1088/0954-3899/34/6/S01",
     SLACcitation  = "%%CITATION = JPHGB,G34,995;%%"
}

@TECHREPORT{CMS-PAS-JME-10-014,
      COLLABORATION = "CMS",
      TITLE       = "Jet Energy Resolution in CMS at $\sqrt{s}=7$ {TeV}",
      AUTHOR      = "{CMS Collaboration}",
      URL         = "http://cdsweb.cern.ch/record/1339945",
      TYPE        = "CMS Physics Analysis Summary",
      NUMBER      = "CMS-PAS-JME-10-014",
      YEAR        = "2010"
}
@article{Chatrchyan:2011ds,
      author         = "Chatrchyan, Serguei and others",
      title          = "{Determination of jet energy calibration and transverse
                        momentum resolution in CMS}",
      collaboration  = "CMS",
      journal        = "JINST",
      volume         = "6",
      pages          = "P11002",
      doi            = "10.1088/1748-0221/6/11/P11002",
      year           = "2011",
      eprint         = "1107.4277",
      archivePrefix  = "arXiv",
      primaryClass   = "physics.ins-det",
      reportNumber   = "FERMILAB-PUB-11-707-CMS, CMS-JME-10-011,
                        CERN-PH-EP-2011-102",
      SLACcitation   = "%%CITATION = ARXIV:1107.4277;%%",
}




@ARTICLE{hcalclean,
     AUTHOR      = "{CMS Collaboration}",
     COLLABORATION = {CMS},
     TITLE        = "HCAL Detector Peformance Summary",
     YEAR         = "2011",
     VOLUME       = "\href{https://twiki.cern.ch/twiki/pub/CMS/HcalDPGApprovedResults/HCALDPG_Approval_DPS_July2011.pdf}{HCAL 2011}",
     address      = "https://twiki.cern.ch/twiki/pub/CMS/HcalDPGApprovedResults/HCALDPG_Approval_DPS_July2011.pdf",
}


@TECHREPORT{CMS-PAS-JME-10-010,
      COLLABORATION = "CMS",
      TITLE       = "Determination of the Jet Energy Scale in {CMS} with pp Collisions at $\sqrt{s}= 7$ {TeV}",
      AUTHOR      = "{CMS Collaboration}",
      URL         = "http://cdsweb.cern.ch/record/1308178",
      TYPE        = "CMS Physics Analysis Summary",
      NUMBER      = "CMS-PAS-JME-10-010",
      YEAR        = "2010"
}

@article{barlow_beeston,
       author         = "Barlow, Roger J. and Beeston, Christine",
       title          = "{Fitting using finite Monte Carlo samples}",
       journal        = "Comput.Phys.Commun.",
       volume         = "77",
       pages          = "219-228",
       doi            = "10.1016/0010-4655(93)90005-W",
       year           = "1993",
       reportNumber   = "MAN-HEP-93-1",
       SLACcitation   = "%%CITATION = CPHCB,77,219;%%",
}

@InProceedings{bb_light,
   author     = "Conway, J. S.",
   title      = "Nuisance parameters in likelihoods for multisource spectra",
   booktitle    = "{Proceedings of {PHYSTAT} 2011 Workshop on Statistical Issues Related to Discovery Claims in Search Experiments and 
Unfolding}",
   publisher  = "CERN",
   editor     = "H.B. Propser and L. Lyons",
   number     = {CERN-2011-006},
   pages      = "115-120",
   url         = "http://cdsweb.cern.ch/record/1306523",
   year       = "2011"
}

@TECHREPORT{lumi,
     AUTHOR      = "{CMS Collaboration}",
     COLLABORATION       = "CMS",
  institution = "CERN",
     TITLE        = "CMS Luminosity Based on Pixel Cluster Counting - Summer 2012",
     TYPE        = "CMS Physics Analysis Summary",
     NUMBER      = "CMS-PAS-LUM-12-001",
     YEAR         = "2012",
     PAGES        = ""
}

@Article{Chatrchyan:2008zzk,
     author    = "Chatrchyan, S. and others",
     collaboration = "CMS",
     title     = "The {CMS} experiment at the {CERN} {LHC}",
     journal   = "JINST",
     volume    = "3",
     year      = "2008",
     pages     = "S08004",
     doi       = "10.1088/1748-0221/3/08/S08004",
     SLACcitation  = "%%CITATION = JINST,3,S08004;%%"
}

@Article{pdg,
     author    = "Nakamura, K and others",
    collaboration = "Particle Data Group",
     title     = "{Review of particle physics}",
     journal   = "J. Phys.",
     volume    = "G37",
     year      = "2010",
     pages     = "075021",
     doi       = "10.1088/0954-3899/37/7A/075021",
     SLACcitation  = "%%CITATION = JPHGB,G37,075021;%%"
}



@article{Kidonakis:2012db,
      author         = "Kidonakis, Nikolaos",
      title          = "{Differential and total cross sections for top pair and
                        single top production}",
      year           = "2012",
      eprint         = "1205.3453",
      archivePrefix  = "arXiv",
      primaryClass   = "hep-ph",
      SLACcitation   = "%%CITATION = ARXIV:1205.3453;%%",
}


@article{Aad:2012ux,
      author         = "Aad, Georges and others",
      title          = "{Measurement of the t-channel single top-quark production
                        cross section in pp collisions at $\sqrt{s} = 7$~TeV with the
                        ATLAS detector}",
      collaboration  = "ATLAS Collaboration",
      year           = "2012",
      eprint         = "1205.3130",
      archivePrefix  = "arXiv",
      primaryClass   = "hep-ex",
      reportNumber   = "CERN-PH-EP-2012-082",
      SLACcitation   = "%%CITATION = ARXIV:1205.3130;%%",
}

@article{Abazov:2011rz,
      author         = "Abazov, Victor Mukhamedovich and others",
      title          = "{Model-independent measurement of $t$-channel single top
                        quark production in $p\bar{p}$ collisions at
                        $\sqrt{s}=1.96$ TeV}",
      collaboration  = "D0 Collaboration",
      journal        = "Phys.Lett.",
      volume         = "B705",
      pages          = "313-319",
      doi            = "10.1016/j.physletb.2011.10.035",
      year           = "2011",
      eprint         = "1105.2788",
      archivePrefix  = "arXiv",
      primaryClass   = "hep-ex",
      reportNumber   = "FERMILAB-PUB-11-216-E",
      SLACcitation   = "%%CITATION = ARXIV:1105.2788;%%",
}

@TECHREPORT{cdf_singletop,
     AUTHOR      = "{CDF Collaboration}",
     COLLABORATION       = "CDF",
  institution = "FNAL",
     TITLE        = "Measurement of Single Top Quark Production in 7.5~fb$^{-1}$ of CDF Data Using Neural Networks",
     TYPE        = "Conference Note",
     URL     = "http://www-cdf.fnal.gov/physics/new/top/confNotes/cdf10793_SingleTop_7.5_public.pdf",
     NUMBER      = "CDF/PUB/TOP/PUBLIC/10793",
     YEAR         = "2012",
     PAGES        = ""
}

@Article{Aaltonen:2009jj,
     author    = "Aaltonen, T. and others",
 collaboration = "CDF",
     title     = "{First Observation of Electroweak Single Top Quark
                  Production}",
     journal   = "Phys. Rev. Lett.",
     volume    = "103",
     year      = "2009",
     pages     = "092002",
     eprint    = "0903.0885",
     archivePrefix = "arXiv",
     primaryClass  =  "hep-ex",
     doi       = "10.1103/PhysRevLett.103.092002",
     SLACcitation  = "%%CITATION = 0903.0885;%%"
}

@Article{Group:2009qk,
     author    = "Group, Tevatron Electroweak Working",
 collaboration = "CDF and D0",
     title     = "{Combination of CDF and D0 Measurements of the Single Top
                  Production Cross Section}",
     year      = "2009",
     eprint    = "0908.2171",
     archivePrefix = "arXiv",
     primaryClass  =  "hep-ex",
     SLACcitation  = "%%CITATION = 0908.2171;%%"
}


@Article{Holdom:2009rf,
     author    = "Holdom, B. and others",
     title     = "{Four Statements about the Fourth Generation}",
     journal   = "PMC Phys.",
     volume    = "A3",
     year      = "2009",
     pages     = "4",
     eprint    = "0904.4698",
     archivePrefix = "arXiv",
     primaryClass  =  "hep-ph",
     doi       = "10.1186/1754-0410-3-4",
     SLACcitation  = "%%CITATION = 0904.4698;%%"
}

%\bibitem{yuan} T.M.P.~Tait, C.-P.~Yuan, ``Single Top Production as a Window to Physics Beyond the Standard Model'', Phys.Rev.D63:014018 (2001), arXiv:hep-ph/0007298
@Article{Tait:2000sh,
     author    = "Tait, Timothy M. P. and Yuan, C. -P.",
     title     = "{Single top quark production as a window to physics beyond
                  the standard model}",
     journal   = "Phys. Rev.",
     volume    = "D63",
     year      = "2000",
     pages     = "014018",
     eprint    = "hep-ph/0007298",
     archivePrefix = "arXiv",
     doi       = "10.1103/PhysRevD.63.014018",
     SLACcitation  = "%%CITATION = HEP-PH/0007298;%%"
}

@ARTICLE{singletop-an2D-2010,
     AUTHOR       = "Giammanco, A and Iorio, A O M and Lista, L and Merola, M and Muller, T and Ott, J and Rocker, S and Wagner-Kuhr, J and Popov, A and Dudko, L and  Bitioukov, S and Boos, E and Katkov, I and Konstantinov, D and Markina, A and Perfilov, M and Erdmann, M and Fischer, R and Hoeing, R and Klingebiel, D and Steggemann J",
     TITLE        = "Prospects for the measurement of the single-top $t$-channel cross section in the muon channel with 200~pb$^{-1}$ of CMS data at 10 TeV",
     JOURNAL      = "CMS Analysis Note",
     VOLUME       = "\href{http://cms.cern.ch/iCMS/jsp/openfile.jsp?tp=draft&files=AN2010_393_v8.pdf}{2010/393}",
     YEAR         = "2010"
}

@ARTICLE{hbhenoisefilter,
     AUTHOR       = "Chou, J.P. and others",
     TITLE        = "Anomalous HB/HE Noise at Startup: Characteristics and Rejection Algorithms",
     JOURNAL      = "CMS Internal Note",
     VOLUME       = "2010/006",
     YEAR         = "2010"
}



@ARTICLE{sd,
     JOURNAL      = "https://twiki.cern.ch/twiki/bin/view/CMS/PhysicsSecondaryDatasets"
}
@ARTICLE{json,
     JOURNAL      = "https://cms-service-dqm.web.cern.ch/cms-service-dqm/CAF/certification/"
}
@ARTICLE{json2,
     JOURNAL      = "$\mathrm{Cert\_246908-251883\_13TeV\_PromptReco\_Collisions15\_JSON\_v2.txt}$"
     
     }

@ARTICLE{madgraph,
     AUTHOR       = "F.~Maltoni and T.~Stelzer",
     TITLE        = "MadEvent: Automatic event generation with MadGraph",
     JOURNAL      = "JHEP",
     VOLUME       = "0302",
     YEAR         = "2003",
     PAGES        = "027"
     }

@ARTICLE{comphep,
     author    = "Boos, E.E. and Dubinin, M.N. and Edneral, V.F. and Ilyin, V.A. and Kryukov, A.P. and Pukhov, A.E. and Rodionov, A.Ya. and Savrin, V.I. and Slavnov, D.A. and Taranov, A.Yu.",
     title     = "{CompHEP - computer system for calculation of particle collisions at high energies }",
     journal   = "SINP MSU",
     volume    = "report 89-63/140",
     year      = "1989",
     }

@ARTICLE{boos2000,
     AUTHOR       = "E.~Boos and others",
     TITLE        = "Method for simulating electroweak top-quark production events in the NLO approximation: SingleTop event generator",
     JOURNAL      = "Phys.Atom.Nucl.",
     VOLUME       = "69, 8",
     YEAR         = "2006",
     PAGES        = "1317"
     }

@Article{Frixione:2002ik,
     author    = "Frixione, Stefano and Webber, Bryan R.",
     title     = "{Matching NLO QCD computations and parton shower simulations}",
     journal   = "JHEP",
     volume    = "06",
     year      = "2002",
     pages     = "029",
     eprint    = "hep-ph/0204244",
     archivePrefix = "arXiv",
     SLACcitation  = "%%CITATION = HEP-PH/0204244;%%"
}



@ARTICLE{AN-12-273,
     AUTHOR       = "Iorio, A O M and Giammanco, A and Pata, J and Tiko, A and Konstantinov, D and R{\"o}cker, S and Fienga, F and  Murumaa, M and Lista, L and Wagner-Khur, J ",
     TITLE        = "Measurement of the single top t-channel inclusive cross section at 8 TeV",
     JOURNAL      = "CMS Analysis Note 2012/273",
     VOLUME       = "\href{http://cms.cern.ch/iCMS/jsp/openfile.jsp?tp=draft&files=AN2012_273_v7.pdf}{2012/273}",
     YEAR         = "2012"
}

@ARTICLE{singletop-an2D-2011,
     AUTHOR       = "Iorio, A O M and Giammanco, A and Lista, L and Merola, M and Muller, T and Ott, J and R{\"o}cker, S and Wagner-Kuhr, J and Popov, A and Dudko, L and  Bitioukov, S and Boos, E and Katkov, I and Konstantinov, D and Markina, A and Perfilov, M and Erdmann, M and Fischer, R and Hoeing, R and Klingebiel, D and Steggemann, J",
     TITLE        = "Measurement of the single top t-channel cross section in pp collisions at $\sqrt{s}$ = 7 TeV using 2011 data",
     JOURNAL      = "CMS Analysis Note 2011/229",
     VOLUME       = "\href{http://cms.cern.ch/iCMS/jsp/openfile.jsp?tp=draft&files=AN2011_229_13.pdf}{2011/229}",
     YEAR         = "2011"
}

@ARTICLE{tmva,
     author    = "Hoecker, Andreas and Speckmayer, Peter and Stelzer, Joerg and Therhaag, Jan and von Toerne, Eckhard and Voss, Helge",
     title     = "{TMVA: Toolkit for MultiVariate Data Analysis}",
     JOURNAL   = "PoS",
     volume = "ACAT",
     year = "2007",
     pages = "040",
     eprint = "physics/0703039",
     archivePrefix = "arXiv",
}

@Article{mlm,
   author="Mangano, M.L. and Moretti, M. and Piccinini F. and others",
   title="Matching matrix elements and shower evolution for top-quark production in hadronic collisions", 
   journal="JHEP",
   volume="01",
   year="2007",
   pages="013"
}
@Article{Alwall:2007fs,
     author    = "Alwall, Johan and others",
     title     = "{Comparative study of various algorithms for the merging of
                  parton showers and matrix elements in hadronic
                  collisions}",
     journal   = "Eur. Phys. J.",
     volume    = "C53",
     year      = "2008",
     pages     = "473-500",
     eprint    = "0706.2569",
     archivePrefix = "arXiv",
     primaryClass  =  "hep-ph",
     doi       = "10.1140/epjc/s10052-007-0490-5",
     SLACcitation  = "%%CITATION = 0706.2569;%%"
}

@Article{Motylinski:2009kt,
     author    = "Motylinski, Patrick",
     title     = "{Angular correlations in t-channel single top production at the LHC}",
     journal   = "Phys. Rev.",
     volume    = "D80",
     year      = "2009",
     pages     = "074015",
     eprint    = "0905.4754",
     archivePrefix = "arXiv",
     primaryClass  =  "hep-ph",
     doi       = "10.1103/PhysRevD.80.074015",
     SLACcitation  = "%%CITATION = 0905.4754;%%"
}

@ARTICLE{mcfm,
     author    = "Campbell, John M. and Ellis, Keith",
     title     = "{MCFM - Monte Carlo for FeMtobarn processes}",
     JOURNAL   = "http://mcfm.fnal.gov/"
}

@Article{PDF:CTEQ6,
      author         = "Pumplin, J. and Stump, D.R. and Huston, J. and Lai, H.L.
                        and Nadolsky, Pavel M. and others",
      title          = "{New generation of parton distributions with
                        uncertainties from global QCD analysis}",
      journal        = "JHEP",
      volume         = "0207",
      pages          = "012",
      year           = "2002",
      eprint         = "hep-ph/0201195",
      archivePrefix  = "arXiv",
      primaryClass   = "hep-ph",
      reportNumber   = "MSU-HEP-011101",
      SLACcitation   = "%%CITATION = HEP-PH/0201195;%%",
}

@article{PDF:CTEQ66,
      author         = "Nadolsky, Pavel M. and Lai, Hung-Liang and Cao, Qing-Hong
                        and Huston, Joey and Pumplin, Jon and others",
      title          = "{Implications of CTEQ global analysis for collider
                        observables}",
      journal        = "Phys.Rev.",
      volume         = "D78",
      pages          = "013004",
      doi            = "10.1103/PhysRevD.78.013004",
      year           = "2008",
      eprint         = "0802.0007",
      archivePrefix  = "arXiv",
      primaryClass   = "hep-ph",
      reportNumber   = "MSUHEP-080125, UCRHEP-T447",
      SLACcitation   = "%%CITATION = ARXIV:0802.0007;%%",
}

@article{PDF:CTEQ10,
      author         = "Lai, Hung-Liang and Guzzi, Marco and Huston, Joey and Li,
                        Zhao and Nadolsky, Pavel M. and others",
      title          = "{New parton distributions for collider physics}",
      journal        = "Phys.Rev.",
      volume         = "D82",
      pages          = "074024",
      doi            = "10.1103/PhysRevD.82.074024",
      year           = "2010",
      eprint         = "1007.2241",
      archivePrefix  = "arXiv",
      primaryClass   = "hep-ph",
      reportNumber   = "MSUHEP-100707, SMU-HEP-10-10",
      SLACcitation   = "%%CITATION = ARXIV:1007.2241;%%",
}

@article{PDF:LHAPDF,
      author         = "Whalley, M.R. and Bourilkov, D. and Group, R.C.",
      title          = "{The Les Houches accord PDFs (LHAPDF) and LHAGLUE}",
      journal        = " ",
      year           = "2005",
      eprint         = "hep-ph/0508110",
      archivePrefix  = "arXiv",
      primaryClass   = "hep-ph",
      SLACcitation   = "%%CITATION = HEP-PH/0508110;%%",
}

@Article{Gavin:2010az,
     author    = "Gavin, Ryan and Li, Ye and Petriello, Frank and
                  Quackenbush, Seth",
     title     = "{FEWZ 2.0: A code for hadronic Z production at next-to-next-to-leading order}",
     year      = "2010",
     eprint    = "1011.3540",
     archivePrefix = "arXiv",
     primaryClass  =  "hep-ph",
     SLACcitation  = "%%CITATION = 1011.3540;%%"
}

@Article{cteq6,
     author    = "Pumplin, P. and others",
     title     = "New Generation of Parton Distributions with Uncertainties from Global QCD Analysis",
     journal   = "JHEP",
     volume    = "0207",
     year      = "2002",
     pages     = "012"
}

@ARTICLE{pdferror,
     AUTHOR       = "Biallass, P. and others",
     TITLE        = "Parton Distribution uncertainty determination with CMSSW",
     JOURNAL      = "CMS Analysis Note",
     VOLUME       = "\href{http://cms.cern.ch/iCMS/jsp/openfile.jsp?tp=draft&files=AN2009_048_v1.pdf}{2009/048}",
     YEAR         = "2009"
}

@article{Chatrchyan:2012vp,
      COLLABORATION = "CMS",
      TITLE       = "{Measurement of the t-channel single top quark production
                        cross section in pp collisions at $\sqrt{s} = 7$~TeV}",
      AUTHOR      = "{CMS}",
      journal        = "JHEP",
      year           = "2012",
      VOLUME    = "12",
      YEAR      = "2012",
      PAGES     = "035",
      doi       = " 10.1007/JHEP12(2012)035",
      eprint         = "1209.4533",
      archivePrefix  = "arXiv",
      primaryClass   = "hep-ex",

}


@PHDTHESIS{julia,
     author       = "Bauer, J.",
     TITLE        = "Prospects for the Observation of Electroweak Top-Quark Production with the CMS Experiment",
     school       = "Karlsruhe",
     YEAR         = "2010",
     address      = "http://www-ekp.physik.uni-karlsruhe.de/pub/web/thesis/iekp-ka2010-08.pdf",
     note         = "IEKP-KA/2010-8",
}


@article{Frixione:2007vw,
      author         = "Frixione, Stefano and Nason, Paolo and Oleari, Carlo",
      title          = "{Matching NLO QCD computations with Parton Shower
                        simulations: the POWHEG method}",
      journal        = "JHEP",
      volume         = "0711",
      pages          = "070",
      doi            = "10.1088/1126-6708/2007/11/070",
      year           = "2007",
      eprint         = "0709.2092",
      archivePrefix  = "arXiv",
      primaryClass   = "hep-ph",
      reportNumber   = "BICOCCA-FT-07-9, GEF-TH-21-2007",
      SLACcitation   = "%%CITATION = ARXIV:0709.2092;%%",
}


@ARTICLE{geant,
     AUTHOR       = "J.~Allison and others",
     TITLE        = "Geant4 developments and applications",
     JOURNAL      = "IEEE Transactions on Nuclear Science",
     VOLUME       = "53, 1",
     YEAR         = "2006",
     PAGES        = "270-278"
}

@ARTICLE{pat,
     JOURNAL      = "https://twiki.cern.ch/twiki/bin/view/CMS/SWGuidePAT"
}

@ARTICLE{hlt,
     JOURNAL      = "https://twiki.cern.ch/twiki/bin/view/CMS/TriggerTables"
}

@ARTICLE{hltmu,
     JOURNAL      = "\url{https://twiki.cern.ch/twiki/bin/view/CMS/MuonReferenceEffs}"
}

@ARTICLE{eletalk,
     JOURNAL= "\url{https://indico.cern.ch/getFile.py/access?contribId=2&resId=0&materialId=slides&confId=219368}"
}

@ARTICLE{hltmutalk,
     JOURNAL = "Update Run A+B id, iso, trigger efficiencies, \url{https://indico.cern.ch/getFile.py/access?contribId=2&resId=0&materialId=slides&confId=203424}",
}


@ARTICLE{egammaMVAID,
     JOURNAL      = "https://twiki.cern.ch/twiki/bin/view/CMS/MultivariateElectronIdentification",
}
@ARTICLE{egammaCutBasedID,
     JOURNAL      = "https://twiki.cern.ch/twiki/bin/view/CMS/EgammaCutBasedIdentification",
}
@ARTICLE{egammaRhoCorrections,
     JOURNAL      = "https://twiki.cern.ch/twiki/bin/view/CMS/EgammaEARhoCorrection",
}

@TECHREPORT{CMS-PAS-PFT-09-001,
      COLLABORATION = "CMS",
      TITLE       = "Particle--Flow Event Reconstruction in {CMS} and Performance for Jets, Taus, and {\MET}",
      AUTHOR      = "{CMS Collaboration}",
      URL         = "http://cdsweb.cern.ch/record/1194487",
      TYPE        = "CMS Physics Analysis Summary",
      NUMBER      = "CMS-PAS-PFT-09-001",
      YEAR        = "2009"
}

@TECHREPORT{CMS-PAS-PFT-10-002,
      COLLABORATION = "CMS",
      TITLE       = "Commissioning of the Particle-Flow Reconstruction in Minimum-Bias and Jet Events from {\Pp\Pp} Collisions at 7 {TeV}",
      AUTHOR      = "{CMS Collaboration}",
      URL         = "http://cdsweb.cern.ch/record/1279341",
      TYPE        = "CMS Physics Analysis Summary",
      NUMBER      = "CMS-PAS-PFT-10-002",
      YEAR        = "2010"
}


@ARTICLE{GSF,
     Author = "W. Adam and others",
     Title        = "Reconstruction of Electrons with the Gaussian-Sum Filter in the CMS Tracker at the LHC",
     JOURNAL      = "CMS-NOTE-2005-001",
     VOLUME       = "",
     YEAR         = "2005",
     PAGES        = ""
}

@TECHREPORT{CMS-PAS-BTV-10-001,
      COLLABORATION = "CMS",
      TITLE       = "Commissioning of b-jet identification with pp collisions at $\sqrt{s}$ = 7 {TeV}",
      AUTHOR      = "{CMS Collaboration}",
      URL         = "http://cdsweb.cern.ch/record/1279144",
      TYPE        = "CMS Physics Analysis Summary",
      NUMBER      = "CMS-PAS-BTV-10-001",
      YEAR        = "2010"
}

@TECHREPORT{CMS-PAS-BTV-11-001,
      COLLABORATION = "CMS",
      TITLE       = "Performance of b-jet identification in {CMS}",
      AUTHOR      = "{CMS Collaboration}",
      URL         = "http://cdsweb.cern.ch/record/1366061",
      TYPE        = "CMS Physics Analysis Summary",
      NUMBER      = "CMS-PAS-BTV-11-001",
      YEAR        = "2011"
}

@TECHREPORT{CMS-PAS-BTV-11-004,
      COLLABORATION = "CMS",
      TITLE       = "b-Jet Identification in the {CMS} Experiment",
      AUTHOR      = "{CMS Collaboration}",
      URL         = "http://cdsweb.cern.ch/record/1427247",
      TYPE        = "CMS Physics Analysis Summary",
      NUMBER      = "CMS-PAS-BTV-11-004",
      YEAR        = "2011"
}

@TECHREPORT{CMS-PAS-TOP-12-011,
      COLLABORATION = "CMS",
      TITLE       = "Measurement of the single top t-channel charge asymmetry and inclusive cross section at 8 TeV.",
      AUTHOR      = "{CMS Collaboration}",
      TYPE        = "CMS Physics Analysis Summary",
      NUMBER      = "CMS-PAS-TOP-12-011",
      YEAR        = "2012"
}

@ARTICLE{rizzi_sf,
     AUTHOR       = "A. Rizzi",
     TITLE        = "Events weights from b-tagging efficiency SF",
     JOURNAL      = "https://twiki.cern.ch/twiki/pub/CMS/BTagWeight/BTagWeight.pdf",
     VOLUME       = "",
     YEAR         = ""
}


@ARTICLE{pileup_rew,
     AUTHOR       = "",
     TITLE        = "",
     JOURNAL      = "https://twiki.cern.ch/twiki/bin/view/CMS/PileupMCReweightingUtilities",
     VOLUME       = "",
     YEAR         = ""
}

@ARTICLE{wbatlas,
      author         = "",
      title          = "{Measurement of the cross section for the production of a
                        W boson in association with b-jets in pp collisions at
                        $\sqrt{s} = 7$~TeV with the ATLAS detector}",
      collaboration  = "ATLAS",
      journal        = "Phys.Lett.",
      volume         = "B707",
      pages          = "418-437",
      doi            = "10.1016/j.physletb.2011.12.046",
      year           = "2012",
      eprint         = "1109.1470",
      archivePrefix  = "arXiv",
      primaryClass   = "hep-ex",
      reportNumber   = "CERN-PH-EP-2011-132",
      SLACcitation   = "%%CITATION = ARXIV:1109.1470;%%",
}

@ARTICLE{theta,
title = "Theta - a framework for template based modelling and inference",
author = "Muller, Th. and Ott, J. and Wagner-Kuhr, J.",
journal = "CMS Internal Note",
volume = "CMS-IN 2010/017",
year = "2010"
}

%
% An example of a document which only appears on arXiv. This one could alternatively be cited as a TECHREPORT using any of the various laboratory report numbers when hosted on a lab server:
% reportNumber   = "CERN-PH-EP-2010-095, FERMILAB-TM-2480-PPD, LEPEWWG-2010-01, TEVEWWG-2010-01, ALEPH-2010-001-PHYSICS-2010-001, CDF-NOTE-10338, D0-NOTE-6130, DELPHI-DELPHI-2010-001-PHYS-952, L3-NOTE-2837, OPAL-PR432, SLAC-PUB-14301",
%
@UNPUBLISHED{LEPewkfits,
     author = "{ALEPH, CDF, D0, DELPHI, L3, OPAL, SLD Collaborations,
                                    the LEP Electroweak Working Group, the Tevatron Electroweak Working Group, and the SLD Electroweak and Heavy Flavour Groups}",
     title     = "Precision electroweak measurements and constraints on
the {Standard Model}",
     URL       = "http://lepewwg.web.cern.ch/LEPEWWG",
     eprint    = "1012.2367",
     archivePrefix = "arXiv",
     primaryClass  =  "hep-ex",
     year  = "2010",
     SLACcitation  = "%%CITATION = 1012.2367;%%"
}
%
% A document hosted on a laboratory server
%
@TECHREPORT{Bertram:2000br,
  author = " Bertram, I. and Landsberg, G. and Linnemann, J. and Partridge, R. and Paterno, M. and Prosper, H. B.",
  title =  "A Recipe for the construction of confidence limits",
  institution = "Fermilab",
  number     = "{TM-2104}",
  url = "http://lss.fnal.gov/archive/test-tm/2000/fermilab-tm-2104.pdf",
  year = "2000"
 }
 %
 % A document included in Proceedings. PRL may want the ADDRESS field as well.
 %
@INPROCEEDINGS{RooStats,
  AUTHOR       = "Moneta, L. and Belasco, K. and  Cranmer, K. S. and Lazzaro, A. and Piparo, D. and Schott, G. and Verkerke, W. and Wolf, M. ",
  TITLE        = "The {R}oo{S}tats {P}roject",
  BOOKTITLE = "13$^\text{th}$ International Workshop on Advanced Computing and Analysis Techniques in Physics Research (ACAT2010)",
  YEAR         = "2010",
  PUBLISHER = "SISSA",
  NOTE = "{PoS(ACAT2010)057}",
  URL          = "http://pos.sissa.it/archive/conferences/093/057/ACAT2010_057.pdf",
  eprint = "1009.1003",
  primaryClass = "physics.data-an"
}


@Article{Abazov:2009ii,
     author    = "Abazov, V. M. and others",
 collaboration = "D0",
     title     = "{Observation of Single Top-Quark Production}",
     journal   = "Phys. Rev. Lett.",
     volume    = "103",
     year      = "2009",
     pages     = "092001",
     eprint    = "0903.0850",
     archivePrefix = "arXiv",
     primaryClass  =  "hep-ex",
     doi       = "10.1103/PhysRevLett.103.092001",
     SLACcitation  = "%%CITATION = 0903.0850;%%"
}



@Article{Alwall:2006bx,
     author    = "Alwall, Johan and others",
     title     = "{Is $V_{tb} \approx 1$?}",
     journal   = "Eur. Phys. J.",
     volume    = "C49",
     year      = "2007",
     pages     = "791-801",
     eprint    = "hep-ph/0607115",
     archivePrefix = "arXiv",
     doi       = "10.1140/epjc/s10052-006-0137-y",
     SLACcitation  = "%%CITATION = HEP-PH/0607115;%%"
}



@Article{Campbell:2009gj,
     author    = "Campbell, John M. and Frederix, Rikkert and Maltoni, Fabio and Tramontano, Francesco",
     title     = "{NLO predictions for t-channel production of single top and fourth generation quarks at hadron colliders}",
     journal   = "JHEP",
     volume    = "10",
     year      = "2009",
     pages     = "042",
     eprint    = "0907.3933",
     archivePrefix = "arXiv",
     primaryClass  =  "hep-ph",
     doi       = "10.1088/1126-6708/2009/10/042",
     SLACcitation  = "%%CITATION = 0907.3933;%%"
}

@Article{Campbell:2006wx,
     author    = "Campbell, John M. and Huston, J. W. and Stirling, W. J.",
     title     = "{Hard Interactions of Quarks and Gluons: A Primer for LHC Physics}",
     journal   = "Rept. Prog. Phys.",
     volume    = "70",
     year      = "2007",
     pages     = "89",
     eprint    = "hep-ph/0611148",
     archivePrefix = "arXiv",
     doi       = "10.1088/0034-4885/70/1/R02",
     SLACcitation  = "%%CITATION = HEP-PH/0611148;%%"
}

@article{Cacciari:2011hy,
      author         = "Cacciari, Matteo and Czakon, Michal and Mangano,
                        Michelangelo and Mitov, Alexander and Nason, Paolo",
      title          = "{Top-pair production at hadron colliders with
                        next-to-next-to-leading logarithmic soft-gluon
                        resummation}",
      journal        = "Phys.Lett.",
      volume         = "B710",
      pages          = "612-622",
      doi            = "10.1016/j.physletb.2012.03.013",
      year           = "2012",
      eprint         = "1111.5869",
      archivePrefix  = "arXiv",
      primaryClass   = "hep-ph",
      reportNumber   = "CERN-PH-TH-2011-277, TTK-11-54",
      SLACcitation   = "%%CITATION = ARXIV:1111.5869;%%",
}

@Article{Kidonakis:2011wy,
     author    = "Kidonakis, Nikolaos",
     title     = "{Next-to-next-to-leading-order collinear and soft gluon
                  corrections for t-channel single top quark production}",
     journal   = "Phys. Rev.",
     volume    = "D83",
     year      = "2011",
     pages     = "091503",
     eprint    = "1103.2792",
     archivePrefix = "arXiv",
     primaryClass  =  "hep-ph",
     doi       = "10.1103/PhysRevD.83.091503",
     SLACcitation  = "%%CITATION = 1103.2792;%%"
}


@Article{MRST2006,
     author    = "Martin, A.D Stirling, W. J. and Watt, G.",
     title     = "{Update of Parton Distributions at NNLO}",
     journal   = "Phys. Lett. B",
     volume    = "652",
     year      = "2007",
     pages     = "292-299",
     eprint    = "hep-ph/07060459",
     archivePrefix = "arXiv",
     doi       = "doi.org/10.1016/j.physletb.2007.07.040"
}

@Article{MSTW2008NLO,
     author    = "Martin, A.D Stirling, W. J. and Watt , G.",
     title     = "{Parton distributions for the LHC}",
     journal   = "Eur. Phys. J. C",
     volume    = "63",
     year      = "2009",
     pages     = "189"
}

@Article{CTEQ66,
     author    = "P. M. Nadolsky et al.",
     title     = "{Implications of CTEQ global analysis for collider observables}",
     journal   = "Phys. Rev. D",
     volume    = "78",
     year      = "2008",
     pages     = "013004",
     eprint    = "hep-ph/08020007",
     archivePrefix = "arXiv",
     doi       = "10.1103/PhysRevD.78.013004"
}
@Article{CT10,
     author    = "H.-L. Lai et al.",
     title     = "{New parton distributions for collider physics}",
     journal   = "Phys. Rev. D",
     volume    = "82",
     year      = "2010",
     pages     = "074024",
     eprint    = "hep-ph/10072241",
     archivePrefix = "arXiv",
     doi       = "10.1103/PhysRevD.82.074024"
}

@Article{HERAPDF,
     author    = "H1 and ZEUS Collaborations",
     title     = "{Combined Measurement and QCD Analysis of the inclusive $e^{\pm}$ Scattering Cross Sections at $HERA$ }",
     journal   = "JHEP",
     volume    = "01",
     year      = "2010",
     pages     = "109",
     eprint    = "hep-ph/09110884",
     archivePrefix = "arXiv",
     doi       = "10.1007/JHEP01(2010)109"
}

@Article{NNPDF,
     author    = "R. D. Ball, V. Bertone, F. Cerutti et al.",
     title     = "{Reweighting and Unweighting of Parton Distributions and the LHC W lepton asymmetry data}",
     journal   = "Nucl. Phys. B",
     volume    = "855",
     year      = "2012",
     pages     = "608",
     eprint    = "hep-ph/11081758",
     archivePrefix = "arXiv",
     doi       = "10.1016/j.nuclphysb.2011.10.018"
}

